<record><leader>00000cas a22000007a 4500</leader><controlfield tag="001">15675077</controlfield><controlfield tag="008">870512d19651965iauwr ne      0    0eng d</controlfield><datafield ind1=" " ind2=" " tag="010"><subfield code="a">sn 87057151 </subfield></datafield><datafield ind1=" " ind2=" " tag="040"><subfield code="a">INP</subfield><subfield code="b">eng</subfield><subfield code="c">INP</subfield><subfield code="d">OCLCQ</subfield></datafield><datafield ind1=" " ind2=" " tag="042"><subfield code="a">msc</subfield></datafield><datafield ind1="0" ind2=" " tag="130"><subfield code="a">Messenger news (Des Moines, Iowa : 1965)</subfield></datafield><datafield ind1="1" ind2="0" tag="245"><subfield code="a">Messenger news.</subfield></datafield><datafield ind1="1" ind2="3" tag="246"><subfield code="a">South Des Moines messenger news</subfield></datafield><datafield ind1=" " ind2=" " tag="260"><subfield code="a">Des Moines, Iowa :</subfield><subfield code="b">Thorpe Pub. Co.,</subfield><subfield code="c">1965-</subfield></datafield><datafield ind1=" " ind2=" " tag="300"><subfield code="a">v.</subfield></datafield><datafield ind1=" " ind2=" " tag="310"><subfield code="a">Weekly</subfield></datafield><datafield ind1="0" ind2=" " tag="362"><subfield code="a">Vol. 54, no. 19 (May 6, 1965)-</subfield></datafield><datafield ind1="1" ind2=" " tag="362"><subfield code="a">Ceased in 1965?</subfield></datafield><datafield ind1=" " ind2=" " tag="515"><subfield code="a">Suspended Nov. 3-25, 1965.</subfield></datafield><datafield ind1=" " ind2=" " tag="752"><subfield code="a">United States</subfield><subfield code="b">Iowa</subfield><subfield code="c">Polk</subfield><subfield code="d">Des Moines.</subfield></datafield><datafield ind1="0" ind2="0" tag="780"><subfield code="t">South Des Moines messenger and news (South Des Moines, Iowa : 1962)</subfield><subfield code="w">(DLC)sn 87057150</subfield></datafield></record>